<record><leader>00000cas a22000007a 4500</leader><controlfield tag="001">12115723</controlfield><controlfield tag="008">850604d18431844paudr ne      0    0eng d</controlfield><datafield ind1=" " ind2=" " tag="010"><subfield code="a">sn 85054621 </subfield></datafield><datafield ind1=" " ind2=" " tag="040"><subfield code="a">NPH</subfield><subfield code="b">eng</subfield><subfield code="c">NPH</subfield><subfield code="d">OCLCQ</subfield></datafield><datafield ind1=" " ind2=" " tag="042"><subfield code="a">msc</subfield></datafield><datafield ind1="0" ind2="4" tag="245"><subfield code="a">The Democratic argus.</subfield></datafield><datafield ind1=" " ind2=" " tag="260"><subfield code="a">Philadelphia [Pa.] :</subfield><subfield code="b">John Perry,</subfield><subfield code="c">1843-1844.</subfield></datafield><datafield ind1=" " ind2=" " tag="300"><subfield code="a">v. :</subfield><subfield code="b">ill. (chiefly advertisements) ;</subfield><subfield code="c">55 cm.</subfield></datafield><datafield ind1=" " ind2=" " tag="310"><subfield code="a">Daily (except Sunday),</subfield><subfield code="b">Oct. 23, 1843-Dec. 16, 1843; Jan. 1, 1844-Jan. 22, 1844</subfield></datafield><datafield ind1=" " ind2=" " tag="321"><subfield code="a">Four no. a week,</subfield><subfield code="b">Dec. 18, 1843-Dec. 30, 1843</subfield></datafield><datafield ind1="0" ind2=" " tag="362"><subfield code="a">Vol. 1, no. 1 (Oct. 23, 1843)-v. 1, no. 76 (Jan. 22, 1844).</subfield></datafield><datafield ind1=" " ind2=" " tag="500"><subfield code="a">Published by John Perry, Oct. 23, 1843-Nov. 30, 1843; Geo. W. Dohnert, editor, Dec. 1, 1843-Jan. 22, 1844.</subfield></datafield><datafield ind1=" " ind2=" " tag="500"><subfield code="a">"Democratic principles, measures and men."</subfield></datafield><datafield ind1=" " ind2=" " tag="515"><subfield code="a">Numbering is irregular.</subfield></datafield><datafield ind1=" " ind2=" " tag="752"><subfield code="a">United States</subfield><subfield code="b">Pennsylvania</subfield><subfield code="c">Philadelphia</subfield><subfield code="d">Philadelphia.</subfield></datafield></record>